<record xmlns='http://www.loc.gov/MARC21/slim'><leader>01630cim a22003852u 4500</leader><controlfield tag='001'>3602135</controlfield><controlfield tag='005'>20151214183037.0</controlfield><controlfield tag='007'>ss|lmnjluz|nuu</controlfield><controlfield tag='008'>991101s1989    nyunnn         l    eng d</controlfield><datafield ind1=' ' ind2=' ' tag='035'><subfield code='a'>(NIC)notisASF9200</subfield></datafield><datafield ind1=' ' ind2=' ' tag='035'><subfield code='a'>3602135</subfield></datafield><datafield ind1=' ' ind2=' ' tag='035'><subfield code='a'>(OCoLC)63898849</subfield></datafield><datafield ind1=' ' ind2=' ' tag='040'><subfield code='a'>NIC</subfield><subfield code='c'>NIC</subfield><subfield code='d'>NIC</subfield><subfield code='d'>NIC</subfield></datafield><datafield ind1='1' ind2=' ' tag='100'><subfield code='a'>Spero, Nancy,</subfield><subfield code='d'>1926-2009.</subfield></datafield><datafield ind1='1' ind2='0' tag='245'><subfield code='a'>Protagonists, victims and sexual diference</subfield><subfield code='h'>[sound recording]</subfield></datafield><datafield ind1=' ' ind2=' ' tag='260'><subfield code='c'>1989.</subfield></datafield><datafield ind1=' ' ind2=' ' tag='300'><subfield code='a'>1 sound cassette :</subfield><subfield code='b'>analog, mono.</subfield></datafield><datafield ind1=' ' ind2=' ' tag='500'><subfield code='a'>Recorded in Ithaca, NY by Cornell University.</subfield></datafield><datafield ind1=' ' ind2=' ' tag='500'><subfield code='a'>Sponsored by: Council on the Creative and Performing Arts,See preplec 230.</subfield></datafield><datafield ind1=' ' ind2=' ' tag='500'><subfield code='a'>Speaker(s): Painter and collage artist.</subfield></datafield><datafield ind1=' ' ind2=' ' tag='518'><subfield code='a'>Lecture, April 8, 1989.</subfield></datafield><datafield ind1=' ' ind2=' ' tag='520'><subfield code='a'>The lecture consists in a roughly chronological slide presentation and explanation of the artist&apos;s work.  Some of Spero&apos;s series and periods covered are her Paris black paintings, Artaud paintings, the war series, the Torture of Women, and wall paintings.</subfield></datafield><datafield ind1='1' ind2='0' tag='600'><subfield code='a'>Spero, Nancy,</subfield><subfield code='d'>1926-2009.</subfield></datafield><datafield ind1=' ' ind2='0' tag='650'><subfield code='a'>Feminism and the arts.</subfield></datafield><datafield ind1=' ' ind2='0' tag='650'><subfield code='a'>Art, American.</subfield></datafield><datafield ind1=' ' ind2='0' tag='650'><subfield code='a'>Art criticism.</subfield></datafield><datafield ind1='1' ind2='7' tag='600'><subfield code='a'>Spero, Nancy,</subfield><subfield code='d'>1926-2009</subfield><subfield code='2'>fast</subfield><subfield code='0'>(OCoLC)fst01733196</subfield></datafield><datafield ind1=' ' ind2='7' tag='650'><subfield code='a'>Art, American</subfield><subfield code='2'>fast</subfield><subfield code='0'>(OCoLC)fst00815895</subfield></datafield><datafield ind1=' ' ind2='7' tag='650'><subfield code='a'>Art criticism</subfield><subfield code='2'>fast</subfield><subfield code='0'>(OCoLC)fst00815492</subfield></datafield><datafield ind1=' ' ind2='7' tag='650'><subfield code='a'>Feminism and the arts</subfield><subfield code='2'>fast</subfield><subfield code='0'>(OCoLC)fst00922747</subfield></datafield><datafield ind1=' ' ind2='0' tag='830'><subfield code='a'>Feminist literary theory: is there a possible parallel reading in the visual arts?</subfield></datafield><datafield ind1=' ' ind2='0' tag='830'><subfield code='a'>Visual feminist discourse.</subfield></datafield><datafield ind1='1' ind2=' ' tag='899'><subfield code='a'>CULectures</subfield></datafield><datafield ind1=' ' ind2=' ' tag='905'><subfield code='a'>20000405120000.0</subfield></datafield><datafield ind1='2' ind2=' ' tag='948'><subfield code='a'>20141221</subfield><subfield code='b'>m</subfield><subfield code='d'>batch</subfield><subfield code='e'>lts</subfield><subfield code='x'>addfast</subfield></datafield></record>